{
  "leader": "04103cam a2200517Ia 4500",
  "fields": [
    {
      "001": "ocm45230398\\"
    },
    {
      "003": "OCoLC"
    },
    {
      "005": "20221223132745.0"
    },
    {
      "008": "001017s2001\\\\\\\\cc\\a\\\\\\\\\\b\\\\\\\\001\\0deng\\\\"
    },
    {
      "010": {
        "ind1": "\\",
        "ind2": "\\",
        "subfields": [
          {
            "a": "   00051177 "
          }
        ]
      }
    },
    {
      "040": {
        "ind1": "\\",
        "ind2": "\\",
        "subfields": [
          {
            "a": "DLC"
          },
          {
            "b": "eng"
          },
          {
            "c": "DLC"
          },
          {
            "d": "BAKER"
          },
          {
            "d": "NLGGC"
          },
          {
            "d": "BTCTA"
          },
          {
            "d": "YDXCP"
          },
          {
            "d": "ZWZ"
          },
          {
            "d": "GEBAY"
          },
          {
            "d": "ILU"
          },
          {
            "d": "ZVP"
          },
          {
            "d": "DEBBG"
          },
          {
            "d": "IG#"
          },
          {
            "d": "OCLCF"
          },
          {
            "d": "OCLCQ"
          },
          {
            "d": "OCL"
          },
          {
            "d": "L2U"
          },
          {
            "d": "OCLCO"
          },
          {
            "d": "IL4J6"
          },
          {
            "d": "OCLCO"
          }
        ]
      }
    },
    {
      "019": {
        "ind1": "\\",
        "ind2": "\\",
        "subfields": [
          {
            "a": "48176181"
          },
          {
            "a": "50666589"
          },
          {
            "a": "51683562"
          },
          {
            "a": "491780083"
          },
          {
            "a": "1008068387"
          }
        ]
      }
    },
    {
      "020": {
        "ind1": "\\",
        "ind2": "\\",
        "subfields": [
          {
            "a": "0295980958"
          },
          {
            "q": "(University of Washington Press)"
          }
        ]
      }
    },
    {
      "020": {
        "ind1": "\\",
        "ind2": "\\",
        "subfields": [
          {
            "a": "9780295980959"
          },
          {
            "q": "(University of Washington Press)"
          }
        ]
      }
    },
    {
      "020": {
        "ind1": "\\",
        "ind2": "\\",
        "subfields": [
          {
            "a": "9622018718"
          },
          {
            "q": "(Chinese University Press)"
          }
        ]
      }
    },
    {
      "020": {
        "ind1": "\\",
        "ind2": "\\",
        "subfields": [
          {
            "a": "9789622018716"
          },
          {
            "q": "(Chinese University Press)"
          }
        ]
      }
    },
    {
      "035": {
        "ind1": "\\",
        "ind2": "\\",
        "subfields": [
          {
            "a": "(OCoLC)45230398"
          },
          {
            "z": "(OCoLC)48176181"
          },
          {
            "z": "(OCoLC)50666589"
          },
          {
            "z": "(OCoLC)51683562"
          },
          {
            "z": "(OCoLC)491780083"
          },
          {
            "z": "(OCoLC)1008068387"
          }
        ]
      }
    },
    {
      "042": {
        "ind1": "\\",
        "ind2": "\\",
        "subfields": [
          {
            "a": "pcc"
          }
        ]
      }
    },
    {
      "043": {
        "ind1": "\\",
        "ind2": "\\",
        "subfields": [
          {
            "a": "a-cc---"
          },
          {
            "a": "n-us---"
          }
        ]
      }
    },
    {
      "050": {
        "ind1": "\\",
        "ind2": "4",
        "subfields": [
          {
            "a": "NA737.M87"
          },
          {
            "b": "C63 2001"
          }
        ]
      }
    },
    {
      "082": {
        "ind1": "0",
        "ind2": "4",
        "subfields": [
          {
            "a": "720.92"
          },
          {
            "b": "COD"
          }
        ]
      }
    },
    {
      "100": {
        "ind1": "1",
        "ind2": "\\",
        "subfields": [
          {
            "a": "Cody, Jeffrey W."
          }
        ]
      }
    },
    {
      "245": {
        "ind1": "1",
        "ind2": "0",
        "subfields": [
          {
            "a": "Building in China :"
          },
          {
            "b": "Henry K. Murphy's \"adaptive architecture,\" 1914-1935 /"
          },
          {
            "c": "Jeffrey W. Cody."
          }
        ]
      }
    },
    {
      "260": {
        "ind1": "\\",
        "ind2": "\\",
        "subfields": [
          {
            "a": "Sha Tin, N.T., Hong Kong :"
          },
          {
            "b": "Chinese University Press ;"
          },
          {
            "a": "Seattle :"
          },
          {
            "b": "University of Washington Press,"
          },
          {
            "c": "2001."
          }
        ]
      }
    },
    {
      "300": {
        "ind1": "\\",
        "ind2": "\\",
        "subfields": [
          {
            "a": "xxiv, 264 pages :"
          },
          {
            "b": "illustrations (some color) ;"
          },
          {
            "c": "27 cm"
          }
        ]
      }
    },
    {
      "336": {
        "ind1": "\\",
        "ind2": "\\",
        "subfields": [
          {
            "a": "text"
          },
          {
            "b": "txt"
          },
          {
            "2": "rdacontent"
          }
        ]
      }
    },
    {
      "337": {
        "ind1": "\\",
        "ind2": "\\",
        "subfields": [
          {
            "a": "unmediated"
          },
          {
            "b": "n"
          },
          {
            "2": "rdamedia"
          }
        ]
      }
    },
    {
      "338": {
        "ind1": "\\",
        "ind2": "\\",
        "subfields": [
          {
            "a": "volume"
          },
          {
            "b": "nc"
          },
          {
            "2": "rdacarrier"
          }
        ]
      }
    },
    {
      "504": {
        "ind1": "\\",
        "ind2": "\\",
        "subfields": [
          {
            "a": "Includes bibliographical references (pages 229-253) and index."
          }
        ]
      }
    },
    {
      "505": {
        "ind1": "0",
        "ind2": "0",
        "subfields": [
          {
            "t": "Introduction: Building Compromises --"
          },
          {
            "g": "1."
          },
          {
            "t": "The Transpacific Challenge: Henry Murphy Encounters China, 1914-1918 --"
          },
          {
            "g": "2."
          },
          {
            "t": "Building a China-Based Practice: Murphy amid Competitors in Shanghai and Beijing, 1918-1919 --"
          },
          {
            "g": "3."
          },
          {
            "t": "Building Campuses and Offices: Ginling, Yenching, Banks and Dollars, 1919-1921 --"
          },
          {
            "g": "4."
          },
          {
            "t": "Building a Reputation: Partners, Persistence and Praise, 1921-1927 --"
          },
          {
            "g": "5."
          },
          {
            "t": "Building Cities: Sun Ke, Chiang Kai-shek and the Redesigning of Guangzhou and Nanjing, 1923-1930 --"
          },
          {
            "t": "Conclusion: Murphy's Legacies."
          }
        ]
      }
    },
    {
      "520": {
        "ind1": "1",
        "ind2": "\\",
        "subfields": [
          {
            "a": "\"Building in China is about striking an architectural balance between the pull of monumental tradition and the push of technological novelty. Centering on the dynamic period of post imperial and pre-Communist China, the book focuses on the builing and city planning initiatives of Henry Murphy, a little known American architect who initially ventured to China in 1914 to design a campus for the Yale-in-China program, but who then found himself captivated by a professional and cultural challenge that lasted two decades: how to preserve China's rich architectural traditions while also designing new buildings using up-to-date Western technologies."
          }
        ]
      }
    },
    {
      "520": {
        "ind1": "8",
        "ind2": "\\",
        "subfields": [
          {
            "a": "Murphy's buildings were compromises - \"new wine in old bottles\" as he once called them - and the book uses those \"bottles\" as lenses through which to understand not only Murphy's quest to find a middle ground for his architecture in China, but also to gaze at a tumultuous society facing an uncertain future. Murphy's buildings were more than vessels for either aesthetic visions or technical expertise; inadvertently they became political emblems, as Chinese rulers such as Chiang Kai-shek and Sun Yat-sen's son called on Murphy for city planning advice to complement their hopes for urban reconstruction.\"--Jacket."
          }
        ]
      }
    },
    {
      "600": {
        "ind1": "1",
        "ind2": "0",
        "subfields": [
          {
            "a": "Murphy, Henry Killam,"
          },
          {
            "d": "1877-1954."
          }
        ]
      }
    },
    {
      "650": {
        "ind1": "\\",
        "ind2": "0",
        "subfields": [
          {
            "a": "Architecture"
          },
          {
            "z": "China"
          },
          {
            "x": "History"
          },
          {
            "y": "20th century."
          }
        ]
      }
    },
    {
      "650": {
        "ind1": "\\",
        "ind2": "0",
        "subfields": [
          {
            "a": "Architecture, American"
          },
          {
            "z": "China."
          }
        ]
      }
    },
    {
      "600": {
        "ind1": "1",
        "ind2": "7",
        "subfields": [
          {
            "a": "Murphy, Henry Killam,"
          },
          {
            "d": "1877-1954."
          },
          {
            "2": "fast"
          },
          {
            "0": "(OCoLC)fst00299233"
          }
        ]
      }
    },
    {
      "650": {
        "ind1": "\\",
        "ind2": "7",
        "subfields": [
          {
            "a": "Architecture."
          },
          {
            "2": "fast"
          },
          {
            "0": "(OCoLC)fst00813346"
          }
        ]
      }
    },
    {
      "650": {
        "ind1": "\\",
        "ind2": "7",
        "subfields": [
          {
            "a": "Architecture, American."
          },
          {
            "2": "fast"
          },
          {
            "0": "(OCoLC)fst00813607"
          }
        ]
      }
    },
    {
      "651": {
        "ind1": "\\",
        "ind2": "7",
        "subfields": [
          {
            "a": "China."
          },
          {
            "2": "fast"
          },
          {
            "0": "(OCoLC)fst01206073"
          }
        ]
      }
    },
    {
      "648": {
        "ind1": "\\",
        "ind2": "7",
        "subfields": [
          {
            "a": "1900-1999"
          },
          {
            "2": "fast"
          }
        ]
      }
    },
    {
      "655": {
        "ind1": "\\",
        "ind2": "7",
        "subfields": [
          {
            "a": "History."
          },
          {
            "2": "fast"
          },
          {
            "0": "(OCoLC)fst01411628"
          }
        ]
      }
    },
    {
      "856": {
        "ind1": "4",
        "ind2": "1",
        "subfields": [
          {
            "3": "Table of contents"
          },
          {
            "u": "http://catdir.loc.gov/catdir/toc/fy022/00051177.html"
          }
        ]
      }
    },
    {
      "856": {
        "ind1": "4",
        "ind2": "1",
        "subfields": [
          {
            "3": "Table of contents"
          },
          {
            "u": "http://bvbr.bib-bvb.de:8991/F?func=service&doc_library=BVB01&local_base=BVB01&doc_number=009887260&line_number=0001&func_code=DB_RECORDS&service_type=MEDIA"
          }
        ]
      }
    },
    {
      "994": {
        "ind1": "\\",
        "ind2": "\\",
        "subfields": [
          {
            "a": "Z0"
          },
          {
            "b": "NYRVC"
          }
        ]
      }
    },
    {
      "948": {
        "ind1": "\\",
        "ind2": "\\",
        "subfields": [
          {
            "h": "NO HOLDINGS IN NYRVC - 252 OTHER HOLDINGS"
          }
        ]
      }
    },
    {
      "999": {
        "ind1": "\\",
        "ind2": "\\",
        "subfields": [
          {
            "a": "00000000010805"
          }
        ]
      }
    }
  ]
}